@STRING{assp = {IEEE Trans. on Acoustics, Speech, and Signal Processing} }
@STRING{com  = {IEEE Trans. Commun.} }
@STRING{wcom = {IEEE Trans. Wireless Commun.} }
@STRING{cma  = {IEEE Communications Magazine} }
@STRING{pma  = {IEEE Power and Energy Magazine} }
@STRING{commlett = {IEEE Commun.~Letters} }
@STRING{inf  = {IEEE Trans. Inform. Theory} }
@STRING{pow  = {IEEE Trans. on Power Systems} }
@STRING{veh  = {IEEE Trans. on Veh. Technol.} }
@STRING{sg   = {IEEE Trans. on Smart Grid} }
@STRING{sel  = {IEEE J. Select. Areas Commun.} }
@STRING{sip  = {IEEE Trans. Signal Processing} }
@STRING{siplett = {IEEE Signal Processing Letters} }
@STRING{ac   = {IEEE Trans. on Automatic Control} }
@STRING{tsg  = {IEEE Trans. on Smart Grid} }
@STRING{neu  = {IEEE Trans. on Neural Networks} }
@STRING{csi  = {IEEE Trans. on Circuits and Systems I: Fundamental Theory and Applications} }
@STRING{ple  = {Plenum Press} }
@STRING{bel  = {Bell System Technical Journal} }
@STRING{pre  = {Prentice--Hall, Inc.} }
@STRING{old  = {Oldenbourg Verlag} }
@STRING{spr  = {Springer Verlag} }
@STRING{teu  = {B.G. Teubner} }
@STRING{wil  = {John Wiley \& Sons, Inc.} }
@STRING{ntz  = {Nachrichtentechnische Zeitschrift (ntz)} }

@ARTICLE{aghapour2019,
	author={E. {Aghapour} and F. {Rahman} and J. A. {Farrell}},
	journal={IEEE Transactions on Control Systems Technology}, 
	title={Outlier Accommodation in Nonlinear State Estimation: A Risk-Averse Performance-Specified Approach}, 
	year={2019},
	volume={},
	number={},
	pages={1-13},
	doi={10.1109/TCST.2019.2952529}}

@article{rousseeuw19975,
	title={Introduction to positive-breakdown methods},
	author={Rousseeuw, Peter J},
	journal={Handbook of statistics},
	volume={15},
	pages={101--121},
	year={1997},
	publisher={Elsevier}
}

@article{hogg1979statistical,
	title={Statistical robustness: One view of its use in applications today},
	author={Hogg, Robert V},
	journal={The American Statistician},
	volume={33},
	number={3},
	pages={108--115},
	year={1979},
	publisher={Taylor \& Francis Group}
}

@article{hubert2005libra,
	title={LIBRA: a MATLAB library for robust analysis},
	author={Verboven, Sabine and Hubert, Mia},
	journal={Chemometrics and intelligent laboratory systems},
	volume={75},
	number={2},
	pages={127--136},
	year={2005},
	publisher={Elsevier}
}

@article{doornik2011robust,
	title={Robust estimation using least trimmed squares},
	author={Doornik, Jurgen A},
	journal={Institute for Economic Modelling, Oxford Martin School, and Economics Department, University of Oxford, UK},
	year={2011}
}

@online{SAEJ2945,
	title={{On-Board System Requirements for V2V Safety Communications}},
	author={Anonymous},
	year={March 2016},
	url = {{https://www.sae.org/standards/content/j2945/1\_201603/}}
}

@article{rahman2020positionaccuracy,	
	author={F. {Rahman} and E. {Aghapour} and J. A. {Farrell}},	
	journal={IEEE Intelligent Transportation Systems Magazine}, 	
	title={Vehicle ECEF Position Accuracy and Reliability in the Presence of DGNSS Communication Latency}, 	
	year={2020},	
	volume={},	
	number={},	
	pages={0-0},
}


@book{barnett1984outliers,
	title={Outliers in Statistical Data},
	author={Barnett, Vic and Lewis, Toby},
	publisher={Wiley},
	year={1994}
}

@unpublished{neupaneLinearRobustEstimation,
	author  = {Neupane, Ashim and Hu, Wang and Uwineza, Jean-Bernard and Rahman, Farzana and Silva, Felipe O. and Farrell, Jay A.},
	title   = {Measurement Selection for Linear State Estimation: Signal Rich Environments},
	year    = {N.D.},
	note    = {unpublished},
}

@book{huber1981RobustStatistics,
	title={Robust Statistics},
	author={Huber, Peter J.},
	journal={New York},
	volume={1},
	year={1981},
	publisher={John Wiley \& Sons}
}
@article{rousseeuw1984lms,
	title={Least median of squares regression},
	author={Rousseeuw, Peter J},
	journal={Journal of the American Statistical Association},
	volume={79},
	number={388},
	pages={871--880},
	year={1984},
	publisher={Taylor \& Francis}
}

@incollection{rousseeuw1984Sestimator,
	title={Robust regression by means of s-estimators},
	author={Rousseeuw, Peter and Yohai, Victor},
	booktitle={Robust and Nonlinear Time series Analysis},
	pages={256--272},
	year={1984},
	publisher={Springer}
}

@article{yohai1987MMestimator,
	title={High breakdown-point and high efficiency robust estimates for regression},
	author={Yohai, Victor J},
	journal={The Annals of Statistics},
	pages={642--656},
	year={1987},
	publisher={JSTOR}
}

@article{riani2014consistency,
	title={On consistency factors and efficiency of robust S-estimators},
	author={Riani, Marco and Cerioli, Andrea and Torti, Francesca},
	journal={Test},
	volume={23},
	number={2},
	pages={356--387},
	year={2014},
	publisher={Springer}
}

@book{andersen2008modern,
	title={Modern Methods for Robust Regression},
	author={Andersen, Robert},
	number={152},
	year={2008},
	publisher={Sage}
}

@article{camacho2017current,
	title={Current and future {GNSS} and their augmentation systems},
	author={Camacho-Lara, Sergio},
	journal={Handbook of Satellite Applications},
	pages={781},
	year={2017}
}

@book{farrell2008aided,
	title={Aided Navigation: GPS with High Rate Sensors},
	author={Farrell, Jay A.},
	year={2008},
	publisher={McGraw-Hill, Inc.}
}

@article{Aghapour_Wiley2019,
	author = {Aghapour, Elahe and Farrell, Jay A.},
	title = {Outlier accommodation in moving-horizon state estimation: A risk-averse performance-specified approach},
	journal = {International Journal of Adaptive Control and Signal Processing},
	pages = {},
	keywords = {linear systems, moving horizon state estimation, outlier accommodation},
	doi = {10.1002/acs.3055},
	year = {2019}
}

@article{Aghapour_TCST_2019,
	author = {E. Aghapour and F. Rahman and J. A. Farrell},
	title = {Outlier Accommodation in Nonlinear State Estimation: A Risk-Averse Performance-Specified Approach},
	journal = {IEEE Transactions on Control Systems Technology},
	year = {2019},
	volume ={},
	number={},
	pages={1-13}
}


@book{barnett1994outliers,
	title={Outliers in Statistical Data},
	author={Barnett, V and Lewis, T},
	year={1994},
	publisher={Wiley}
}

@article{lssproof2017,
	author = {P. F. Roysdon and J. A. Farrell},
	title = {{CRT with Hypothesis Testing and Least Soft-thresholded Squares}},
	journal = {Technical Report: UC Riverside},
	url = {https://escholarship.org/uc/item/4b0289qj},
	year = {May, 2017},
}

@article{HuFarrell2019,
	author = {W. Hu and J. A. Farrell},
	title = {{Derivation of Earth-Rotation Correction (Sagnac)
	and Analysis of the Effect of Receiver Clock Bias}},
	journal = {Technical Report: UC Riverside},
	url = {https://escholarship.org/uc/item/1bf6w7j5},
	year = {November 18, 2019},
}

@article{sunderhauf2012towards,
	title={Towards a robust back-end for pose graph {SLAM}},
	author={S{\"u}nderhauf, Niko and Protzel, Peter},
	journal={IEEE Robotics and Automation (ICRA)},
	year={2012},
	publisher={IEEE}
}

@article{sunderhauf2012switchable,
	title={Switchable constraints for robust pose graph {SLAM}},
	author={S{\"u}nderhauf, Niko and Protzel, Peter},
	journal={Intelligent Robots and Systems (IROS)},
	pages={1879--1884},
	year={2012},
	publisher={IEEE}
}

@book{huber2robust,
  	title={Robust Statistics},
  	author={Huber, Peter J. and Ronchetti, Elvezio M.},
  	publisher={Hoboken: John Wiley \& Sons},
  	year ={2009}
}

@book{maronna2019robust,
 	title={Robust Statistics: Theory and Methods (with R)},
  	author={Maronna, Ricardo A and Martin, R Douglas and Yohai, Victor J and Salibi{\'a}n-Barrera, Mat{\'\i}as},
 	year={2019},
  	publisher={John Wiley \& Sons}
}

@article{kafadar1983efficiency,
  	title={The Efficiency of the Biweight as a Robust Estimator of Location},
  	author={Kafadar, Karen},
  	journal={J. of Research of the National Bureau of Standards},
 	volume={88},
  	number={2},
 	pages={105-116},
 	year={1983}
}

@article{rousseeuw2006computing,
  	title={{Computing LTS regression for large data sets}},
  	author={Rousseeuw, Peter J and Van Driessen, Katrien},
 	journal={Data mining and knowledge discovery},
 	volume={12},
 	number={1},
 	pages={29--45},
 	year={2006},
 	publisher={Springer}
}

@inproceedings{aghapour2018outlier,
	title={Outlier accommodation for meter-level positioning: Risk-averse performance-specified state estimation},
	author={Aghapour, Elahe and Rahman, Farzana and Farrell, Jay A.},
	booktitle={2018 IEEE/ION PLANS},
	pages={627--633},
	year={2018},
}

@article{beaton1974fitting,
  	title={The Fitting of Power Series, Meaning Polynomials, Illustrated on Band-Spectroscopic Data},
	author={Beaton, Albert E and Tukey, John W},
	journal={Technometrics},
	volume={16},
	number={2},
	pages={147--185},
	year={1974},
	publisher={Taylor \& Francis Group}
}

@article{dalla2015analysis,
	title={{An analysis of Intersystem Biases for Multi-GNSS Positioning}},
	author={Dalla Torre, Andrea and Caporali, Alessandro},
	journal={GPS Solutions},
	volume={19},
	number={2},
	pages={297--307},
	year={2015},
	publisher={Springer}
}


@incollection{fisher1992ical,
	title={Statistical Methods for Research Workers},
	author={Fisher, Ronald Aylmer},
	booktitle={Breakthroughs in Statistics},
	pages={66--70},
	year={1992},
	publisher={Springer}
}


@article{frank1997survey,
	title={Survey of Robust Residual Generation and Evaluation Methods in Observer-Based Fault Detection Systems},
	author={Frank, Paul M and Ding, Xianchun},
	journal={Journal of Process Control},
	volume={7},
	pages={403--424},
	year={1997},
	publisher={Elsevier}
}

@article{lawler1966branch,
	title={Branch-and-bound methods: A survey},
	author={Lawler, Eugene L and Wood, David E},
	journal={Operations research},
	volume={14},
 	number={4},
 	pages={699--719},
 	year={1966},
 	publisher={INFORMS}
}

@article{landautomatic,
	title={An automatic method of solving discrete programming problems, CTP. 497-520.},
	author={Land, AH and Doig, AG}
}


@book{mendel1995lessons,
	title={Lessons in Estimation Theory for Signal Processing, Communications, and Control},
	author={Mendel, Jerry M},
	year={1995},
	publisher={Pearson Education}
}


@book{misra2006global,
	title={{Global Positioning System: Signals, Measurements and Performance Second Edition}},
	author={Misra, Pratap and Enge, Per},
	journal={Ganga-Jamuna Press},
	year={2006}
}


@article{neyman1933testing,
	title={{The Testing of Statistical Hypotheses in Relation to Probabilities a Priori}},
	author={Neyman, Jerzy and Pearson, Egon S},
	pages={492--510},
	year={1933},
	journal={Cambridge University Press}
}


@article{patton1991fault,
	title={Fault Detection and Diagnosis in Aerospace Systems using Analytical Redundancy},
	author={Patton, RJ},
	journal={IET Computing \& Control Engineering},
	volume={2},
	number={3},
	pages={127--136},
	year={1991},
	publisher={IET}
}


@article{patton1994review,
	title={A review of parity space approaches to fault diagnosis},
	author={Patton, Ron J and Chen, Jie},
	journal={IFAC Proceedings Volumes},
	volume={24},
	number={6},
	pages={65--81},
	year={1991},
	publisher={Elsevier}}
}

@inproceedings{rahman2018ecef,
	title={{ECEF Position Accuracy and Reliability in the Presence of Differential Correction Latency}},
	author={Rahman, Farzana and Aghapour, Elahe and Farrell, Jay A.},
  	booktitle={2018 IEEE/ION Position, Location and Navigation Symposium (PLANS)},
  	pages={583--588},
  	year={2018},
}

@article{rahmanphaseA,
  	title={{ECEF Position Accuracy and Reliability in the Presence of Differential Correction Latency Year 1 Technical Report for Sirius XM}},
  	author={Rahman, Farzana and Aghapour, Elahe and Farrell, Jay A.},
  	journal = {Technical Report: UC Riverside},
  	year={2018}
}

@article{rahmanphaseB,
  	title={{ECEF Position Accuracy and Reliability in the Presence of Differential Correction Latency Phase B Technical Reportfor Sirius XM}},
  	author={Rahman, Farzana and Aghapour, Elahe and Farrell, Jay A},
  	journal = {Technical Report: UC Riverside},
 	year={2019}
}

@inproceedings{ramanandan2010observability,
	title={{Observability Analysis of INS and Lever-Arm Error States with {CDGPS}-Camera Aiding}},
	author={Ramanandan, Arvind and Chen, Anning and Farrell, Jay A},
	booktitle={IEEE/ION PLANS},
	pages={1197--1203},
	year={2010}
}


@article{verhagen2010performance,
	title={Performance Improvement with Low-Cost Multi-{GNSS} Receivers},
	author={Verhagen, Sandra and Odijk, Dennis and Teunissen, Peter JG and Huisman, Lennard},
	journal={IEEE NAVITECH},
	pages={1--8},
	year={2010},
	organization={IEEE}
}


@inproceedings{roysdon2017robust,
	title={Robust GPS-INS Outlier Accomodation using a Sliding Window Filter},
	author={Roysdon, PF and Farrell, JA},
	booktitle={22th IFAC World Congress},
	year={2017}
}

@article{willsky1976survey,
	title={A Survey of Design Methods for Failure Detection in Dynamic Systems},
	author={Willsky, Alan S},
	journal={Automatica},
	pages={601--611},
	year={1976},
	publisher={Elsevier}
}

@book{rousseeuw2005robust,
	title={Robust Regression and Outlier Detection},
	author={Rousseeuw, Peter J and Leroy, Annick M},
	year={2005},
	publisher={John Wiley \& Sons}
}

@article{donoho1983notion,
	title={The Notion of Breakdown Point},
	author={Donoho, David L and Huber, Peter J},
	journal={A festschrift for Erich L. Lehmann},
	volume={157184},
	year={1983},
	publisher={Belmont, Wadsworth}
}

@article{fox2002robust,
  title={{Robust Regression}},
  author={Fox, John and Weisberg, Sanford},
  journal={An R and S-Plus companion to applied regression},
  pages={91},
  year={2002}
}

@online{koller2020definitions,
  title={{Definitions of {$\psi$-functions} Available in Robustbase}},
  author={Koller, Manuel and M{\"a}chler, Martin},
  year={2020},
  url = {{http://cran.irsn.fr/web/packages/robustbase/vignettes/psi\_functions.pdf}}
}

@article{huber1964robust,
  title={{Robust Estimation of a Location Parameter}},
  author={Huber, Peter J},
  journal={{The Annals of Mathematical Statistics}},
  pages={73--101},
  year={1964},
  publisher={JSTOR}
}

@article{wang2015robust,
	title={Robust visual tracking via least soft-threshold squares},
	author={Wang, Dong and Lu, Huchuan and Yang, Ming-Hsuan},
	journal={IEEE Transactions on Circuits and Systems for Video Technology},
	volume={26},
	number={9},
	pages={1709--1721},
	year={2015},
	publisher={IEEE}
}


@article{croux2006testing,
  title={Testing the information matrix equality with robust estimators},
  author={Croux, Christophe and Dhaene, Geert and Hoorelbeke, Dirk},
  journal={Journal of statistical planning and inference},
  volume={136},
  number={10},
  pages={3583--3613},
  year={2006},
  publisher={Elsevier}
}

@article{croux2011optimality,
  title={On the Optimality of Multivariate S-Estimators},
  author={Croux, Christophe and Dehon, Catherine and Yadine, Abdelilah},
  journal={Scandinavian journal of statistics},
  volume={38},
  number={2},
  pages={332--341},
  year={2011},
  publisher={Wiley Online Library}
}